@inproceedings{li2010contextual,
  title={A contextual-bandit approach to personalized news article recommendation},
  author={Li, Lihong and Chu, Wei and Langford, John and Schapire, Robert E},
  booktitle={Proceedings of the 19th international conference on World wide web},
  pages={661--670},
  year={2010},
  organization={ACM}
}
@inproceedings{zinkevich2010parallelized,
  title={Parallelized Stochastic Gradient Descent.},
  author={Zinkevich, Martin and Weimer, Markus and Smola, Alexander J and Li, Lihong},
  booktitle={NIPS},
  volume={4},
  number={1},
  pages={4},
  year={2010}
}
@article{scikit-learn,
 title={Scikit-learn: Machine Learning in {P}ython},
 author={Pedregosa, F. and Varoquaux, G. and Gramfort, A. and Michel, V.
         and Thirion, B. and Grisel, O. and Blondel, M. and Prettenhofer, P.
         and Weiss, R. and Dubourg, V. and Vanderplas, J. and Passos, A. and
         Cournapeau, D. and Brucher, M. and Perrot, M. and Duchesnay, E.},
 journal={Journal of Machine Learning Research},
 volume={12},
 pages={2825--2830},
 year={2011}
}
@inproceedings{rahimi2007random,
  title={Random Features for Large-Scale Kernel Machines.},
  author={Rahimi, Ali and Recht, Benjamin},
  booktitle={NIPS},
  volume={3},
  number={4},
  pages={5},
  year={2007}
}
@book{ullman,
  title={Mining of Massive Datasets.},
  author={Ullman, Jeff and Rajaraman, Anand Ali and Leskovec, Jure},
  volume={2.1},
  year={2012}
}